
@incollection{oliveira_extensibility_2012,
	title = {Extensibility for the {Masses}},
	booktitle = {ECOOP 2012},
	author = {Oliveira, Bruno C. d S. and Cook, William R.},
}

@inproceedings{biboudis_streams_2015,
	title = {Streams \`{a} la carte: {Extensible} {Pipelines} with {Object} {Algebras}},
	booktitle = {{ECOOP} 2015},
	author = {Biboudis, Aggelos and Palladinos, Nick and Fourtounis, George and Smaragdakis, Yannis}
}

@incollection{carette_finally_2007,
	title = {Finally tagless, partially evaluated},
	booktitle = {Programming {Languages} and {Systems}},
	author = {Carette, Jacques and Kiselyov, Oleg and Shan, Chung-Chieh}
}

@inproceedings{inostroza_modular_2015,
	title = {Modular {Interpreters} for the {Masses}},
	booktitle = {{GPCE} 2015 (to appear)},
	author = {Inostroza, Pablo and Van Der Storm, Tijs}
}

@inproceedings{bierman_pause_2012,
	booktitle = {{ECOOP} 2012},
	title = {Pause '{N}' {Play}: {Formalizing} {Asynchronous} {C}\#},
	author = {Bierman, Gavin and Russo, Claudio and Mainland, Geoffrey and Meijer, Erik and Torgersen, Mads}
}

@incollection{petricek_f_2014,
	title = {{The {F}\# Computation Expression Zoo}},
	booktitle = {PADL 2014},
	author = {Petricek, Tomas and Syme, Don}
}

@book{cheney_effective_2014,
	title = {Effective quotation},
	publisher = {PEPM 2015},
	author = {Cheney, James and Lindley, Sam and Radanne, Gabriel and Wadler, Philip}
}

@inproceedings{swamy_lightweight_2011,
	title = {Lightweight monadic programming in {ML}},
	booktitle = {ICFP 2011},
	author = {Swamy, Nikhil and Guts, Nataliya and Leijen, Daan and Hicks, Michael}
}

@inproceedings{filinski_representing_1994,
	title = {Representing monads},
	booktitle = {POPL 1994},
	author = {Filinski, Andrzej}
}

@inproceedings{liang_monad_1995,
	title = {Monad transformers and modular interpreters},
	booktitle = {POPL 1995},
	author = {Liang, Sheng and Hudak, Paul and Jones, Mark}
}

@inproceedings{wadler_marriage_1998,
	title = {The marriage of effects and monads},
	booktitle = {ICFP 1998},
	author = {Wadler, Philip}
}

@book{syme_expert_2007,
	title = {Expert {F}\#},
	author = {Syme, Don and Granicz, Adam and Cisternino, Antonio},
	year = {2007}
}

@misc{syme_f_2012,
	title = {The {F}\# 3.0 {Language} {Specification}},
	url = {http://fsharp.org/specs/language-spec/3.0/FSharpSpec-3.0-final.pdf},
	urldate = {2015-09-07},
	author = {Syme, Don},
	month = sep,
	year = {2012}
}

@article{meijer_world_2011,
	title = {The world according to {LINQ}},
	journal = {Queue},
	author = {Meijer, Erik},
	year = {2011}
}

@inproceedings{meijer_linq:_2006,
	title = {{LINQ}: reconciling object, relations and xml in the. net framework},
	booktitle = {SIGMOD 2006},
	author = {Meijer, Erik and Beckman, Brian and Bierman, Gavin}
}

@inproceedings{oliveira_type_2010,
	title = {Type classes as objects and implicits},
	booktitle = {OOPSLA 2010},
	author = {Oliveira, Bruno CdS and Moors, Adriaan and Odersky, Martin}
}

@inproceedings{moors_generics_2008,
	title = {Generics of a higher kind},
	booktitle = {OOPSLA 2008},
	author = {Moors, Adriaan and Piessens, Frank and Odersky, Martin}
}

@inproceedings{steele_building_1994,
	title = {Building {Interpreters} by {Composing} {Monads}},
	booktitle = {POPL 1994},
	author = {Steele, Guy L. and {Jr.}}
}

@incollection{oliveira_feature-oriented_2013,
	title = {Feature-{Oriented} programming with object algebras},
	booktitle = {{ECOOP} 2013},
	author = {Oliveira, Bruno C. d S. and Van Der Storm, Tijs and Loh, Alex and Cook, William R.}
}

@incollection{cartwright_extensible_1994,
	title = {Extensible denotational language specifications},
	booktitle = {TACS 1994},
	author = {Cartwright, Robert and Felleisen, Matthias}
}

@article{swierstra_data_2008,
	title = {Data {Types} \`{a}  {La} {Carte}},
	journal = {J. Funct. Program.},
	author = {Swierstra, Wouter},
	month = jul,
	year = {2008},
	pages = {423--436}
}

@inproceedings{kiselyov_freer_2015,
	title = {Freer {Monads}, {More} {Extensible} {Effects}},
	booktitle = {Haskell 2015},
	author = {Kiselyov, Oleg and Ishii, Hiromi}
}

@inproceedings{gouseti_extensible_2014,
	title = {Extensible language implementation with object algebras (short paper)},
	booktitle = {{GPCE} 2014},
	author = {Gouseti, Maria and Peters, Chiel and Storm, Tijs van der}
}

@inproceedings{ekman_jastadd_2007,
	title = {The jastadd extensible java compiler},
	booktitle = {OOPSLA 2007},
	author = {Ekman, Torbjörn and Hedin, Görel}
}